<?xml version="1.0" encoding="UTF-8"?><collection xmlns="http://www.loc.gov/MARC21/slim"><record><leader>00621nam--2200181-i-4500</leader><controlfield tag="001">000017307</controlfield><controlfield tag="002">20161230</controlfield><controlfield tag="005">20161230201032</controlfield><controlfield tag="008">060222s1000------------r-----000-0-eng-d</controlfield><datafield ind1=" " ind2=" " tag="040"><subfield code="a">IFIN-HH</subfield></datafield><datafield ind1=" " ind2=" " tag="080"><subfield code="a">53(061.3)</subfield></datafield><datafield ind1="1" ind2=" " tag="100"><subfield code="a">Diaz, Rufino</subfield></datafield><datafield ind1="1" ind2="0" tag="245"><subfield code="a">Cam 94 physics meeting. xxxvii congreso nacional de fisica. general programme and book of abstract. september 26-30, 1994, cancun, quintana roo, mexico</subfield><subfield code="c">Rufino diaz, beatrz fuentes (eds.)</subfield></datafield><datafield ind1=" " ind2=" " tag="260"><subfield code="a">Cancun</subfield><subfield code="b">Socieded Mexicana De Fisica</subfield><subfield code="c">1994</subfield></datafield><datafield ind1=" " ind2=" " tag="300"><subfield code="a">XXXVI + 196 P</subfield></datafield><datafield ind1="1" ind2=" " tag="700"><subfield code="a">Fuentes, Beatriz</subfield><subfield code="e">Ed</subfield></datafield><datafield ind1=" " ind2=" " tag="852"><subfield code="a">80232</subfield><subfield code="c">53</subfield></datafield><datafield ind1=" " ind2=" " tag="CAT"><subfield code="a">Sys</subfield><subfield code="c">20151009</subfield><subfield code="h">121011</subfield></datafield></record></collection>